%YAML 1.1
%TAG !u! tag:unity3d.com,2011:
--- !u!1001 &100100000
Prefab:
  m_ObjectHideFlags: 1
  serializedVersion: 2
  m_Modification:
    m_TransformParent: {fileID: 0}
    m_Modifications: []
    m_RemovedComponents: []
  m_ParentPrefab: {fileID: 0}
  m_RootGameObject: {fileID: 1213038023852232}
  m_IsPrefabParent: 1
--- !u!1 &1213038023852232
GameObject:
  m_ObjectHideFlags: 0
  m_PrefabParentObject: {fileID: 0}
  m_PrefabInternal: {fileID: 100100000}
  serializedVersion: 5
  m_Component:
  - component: {fileID: 4180453709391260}
  - component: {fileID: 212317208655139132}
  - component: {fileID: 114297845379668760}
  m_Layer: 0
  m_Name: BallHitSpark
  m_TagString: Untagged
  m_Icon: {fileID: 0}
  m_NavMeshLayer: 0
  m_StaticEditorFlags: 0
  m_IsActive: 1
--- !u!4 &4180453709391260
Transform:
  m_ObjectHideFlags: 1
  m_PrefabParentObject: {fileID: 0}
  m_PrefabInternal: {fileID: 100100000}
  m_GameObject: {fileID: 1213038023852232}
  m_LocalRotation: {x: 0, y: 0, z: 0, w: 1}
  m_LocalPosition: {x: 0.113, y: 1.132, z: -0.00390625}
  m_LocalScale: {x: 1, y: 1, z: 1}
  m_Children: []
  m_Father: {fileID: 0}
  m_RootOrder: 0
  m_LocalEulerAnglesHint: {x: 0, y: 0, z: 0}
--- !u!114 &114297845379668760
MonoBehaviour:
  m_ObjectHideFlags: 1
  m_PrefabParentObject: {fileID: 0}
  m_PrefabInternal: {fileID: 100100000}
  m_GameObject: {fileID: 1213038023852232}
  m_Enabled: 1
  m_EditorHideFlags: 0
  m_Script: {fileID: 11500000, guid: 88fb3ea51bb752b49abd5037a4f40f6a, type: 3}
  m_Name: 
  m_EditorClassIdentifier: 
  spriteRenderer: {fileID: 212317208655139132}
  list:
  - animationName: Hit
    animation:
      speedRatio: 1
      loop: 0
      frameToLoop: 0
      frameDatas:
      - sprite: {fileID: 21300000, guid: fc9776e4f9b654338bb6c04c5d19e901, type: 3}
        time: 0.08
        eventEnabled: 0
        eventName: 
      - sprite: {fileID: 21300002, guid: fc9776e4f9b654338bb6c04c5d19e901, type: 3}
        time: 0.08
        eventEnabled: 0
        eventName: 
      - sprite: {fileID: 21300004, guid: fc9776e4f9b654338bb6c04c5d19e901, type: 3}
        time: 0.08
        eventEnabled: 0
        eventName: 
      - sprite: {fileID: 21300006, guid: fc9776e4f9b654338bb6c04c5d19e901, type: 3}
        time: 0.08
        eventEnabled: 0
        eventName: 
      - sprite: {fileID: 21300008, guid: fc9776e4f9b654338bb6c04c5d19e901, type: 3}
        time: 0.08
        eventEnabled: 0
        eventName: 
      - sprite: {fileID: 0}
        time: 0.08
        eventEnabled: 0
        eventName: 
      name: Hit
      selectedIndex: 0
      newFramesTime: 0.08
    file: {fileID: 11400000, guid: 50503dbd66a21364da02d982c2661778, type: 2}
  assets:
  - {fileID: 11400000, guid: 50503dbd66a21364da02d982c2661778, type: 2}
  mode: 0
  animIdx: -1
  speedRatio: 1
  minPlayFrom: 0
  maxPlayFrom: 0
  playFrom: 0
  autoStart: 0
--- !u!212 &212317208655139132
SpriteRenderer:
  m_ObjectHideFlags: 1
  m_PrefabParentObject: {fileID: 0}
  m_PrefabInternal: {fileID: 100100000}
  m_GameObject: {fileID: 1213038023852232}
  m_Enabled: 1
  m_CastShadows: 0
  m_ReceiveShadows: 0
  m_MotionVectors: 1
  m_LightProbeUsage: 1
  m_ReflectionProbeUsage: 1
  m_Materials:
  - {fileID: 10754, guid: 0000000000000000f000000000000000, type: 0}
  m_StaticBatchInfo:
    firstSubMesh: 0
    subMeshCount: 0
  m_StaticBatchRoot: {fileID: 0}
  m_ProbeAnchor: {fileID: 0}
  m_LightProbeVolumeOverride: {fileID: 0}
  m_ScaleInLightmap: 1
  m_PreserveUVs: 0
  m_IgnoreNormalsForChartDetection: 0
  m_ImportantGI: 0
  m_SelectedEditorRenderState: 0
  m_MinimumChartSize: 4
  m_AutoUVMaxDistance: 0.5
  m_AutoUVMaxAngle: 89
  m_LightmapParameters: {fileID: 0}
  m_SortingLayerID: 416048363
  m_SortingLayer: 1
  m_SortingOrder: 2000
  m_Sprite: {fileID: 21300000, guid: fc9776e4f9b654338bb6c04c5d19e901, type: 3}
  m_Color: {r: 1, g: 1, b: 1, a: 1}
  m_FlipX: 0
  m_FlipY: 0
  m_DrawMode: 0
  m_Size: {x: 1, y: 1}
  m_AdaptiveModeThreshold: 0.5
  m_SpriteTileMode: 0
  m_WasSpriteAssigned: 1
  m_MaskInteraction: 0
