%YAML 1.1
%TAG !u! tag:unity3d.com,2011:
--- !u!1001 &100100000
Prefab:
  m_ObjectHideFlags: 1
  serializedVersion: 2
  m_Modification:
    m_TransformParent: {fileID: 0}
    m_Modifications: []
    m_RemovedComponents: []
  m_ParentPrefab: {fileID: 0}
  m_RootGameObject: {fileID: 1411073295737798}
  m_IsPrefabParent: 1
--- !u!1 &1066027394871346
GameObject:
  m_ObjectHideFlags: 1
  m_PrefabParentObject: {fileID: 0}
  m_PrefabInternal: {fileID: 100100000}
  serializedVersion: 5
  m_Component:
  - component: {fileID: 224938211528902430}
  - component: {fileID: 222971792850731862}
  - component: {fileID: 114587529190972012}
  m_Layer: 0
  m_Name: child
  m_TagString: Untagged
  m_Icon: {fileID: 0}
  m_NavMeshLayer: 0
  m_StaticEditorFlags: 0
  m_IsActive: 1
--- !u!1 &1286736692211104
GameObject:
  m_ObjectHideFlags: 1
  m_PrefabParentObject: {fileID: 0}
  m_PrefabInternal: {fileID: 100100000}
  serializedVersion: 5
  m_Component:
  - component: {fileID: 224367064351639468}
  - component: {fileID: 114769008627783390}
  - component: {fileID: 114929907968850720}
  m_Layer: 9
  m_Name: HPLabel
  m_TagString: Untagged
  m_Icon: {fileID: 0}
  m_NavMeshLayer: 0
  m_StaticEditorFlags: 0
  m_IsActive: 1
--- !u!1 &1411073295737798
GameObject:
  m_ObjectHideFlags: 0
  m_PrefabParentObject: {fileID: 0}
  m_PrefabInternal: {fileID: 100100000}
  serializedVersion: 5
  m_Component:
  - component: {fileID: 4910298878586482}
  - component: {fileID: 61155018358705792}
  - component: {fileID: 114991742594154400}
  m_Layer: 9
  m_Name: Electric Mage
  m_TagString: Hitable
  m_Icon: {fileID: 0}
  m_NavMeshLayer: 0
  m_StaticEditorFlags: 0
  m_IsActive: 1
--- !u!1 &1508029851312406
GameObject:
  m_ObjectHideFlags: 1
  m_PrefabParentObject: {fileID: 0}
  m_PrefabInternal: {fileID: 100100000}
  serializedVersion: 5
  m_Component:
  - component: {fileID: 224634058687030994}
  - component: {fileID: 222728523769534786}
  - component: {fileID: 114140494661659220}
  m_Layer: 0
  m_Name: child
  m_TagString: Untagged
  m_Icon: {fileID: 0}
  m_NavMeshLayer: 0
  m_StaticEditorFlags: 0
  m_IsActive: 1
--- !u!1 &1666772874857414
GameObject:
  m_ObjectHideFlags: 0
  m_PrefabParentObject: {fileID: 0}
  m_PrefabInternal: {fileID: 100100000}
  serializedVersion: 5
  m_Component:
  - component: {fileID: 4869029471309336}
  - component: {fileID: 212507939488135284}
  - component: {fileID: 114182392287178042}
  m_Layer: 9
  m_Name: Sprite
  m_TagString: Untagged
  m_Icon: {fileID: 0}
  m_NavMeshLayer: 0
  m_StaticEditorFlags: 0
  m_IsActive: 1
--- !u!1 &1976140131380514
GameObject:
  m_ObjectHideFlags: 0
  m_PrefabParentObject: {fileID: 0}
  m_PrefabInternal: {fileID: 100100000}
  serializedVersion: 5
  m_Component:
  - component: {fileID: 224672774576359062}
  - component: {fileID: 223733212475269056}
  - component: {fileID: 114695707795076978}
  - component: {fileID: 114333203074292074}
  m_Layer: 9
  m_Name: Canvas
  m_TagString: Untagged
  m_Icon: {fileID: 0}
  m_NavMeshLayer: 0
  m_StaticEditorFlags: 0
  m_IsActive: 1
--- !u!4 &4869029471309336
Transform:
  m_ObjectHideFlags: 1
  m_PrefabParentObject: {fileID: 0}
  m_PrefabInternal: {fileID: 100100000}
  m_GameObject: {fileID: 1666772874857414}
  m_LocalRotation: {x: 0, y: 0, z: 0, w: 1}
  m_LocalPosition: {x: 0, y: 0, z: 0}
  m_LocalScale: {x: 1, y: 1, z: 1}
  m_Children: []
  m_Father: {fileID: 4910298878586482}
  m_RootOrder: 0
  m_LocalEulerAnglesHint: {x: 0, y: 0, z: 0}
--- !u!4 &4910298878586482
Transform:
  m_ObjectHideFlags: 1
  m_PrefabParentObject: {fileID: 0}
  m_PrefabInternal: {fileID: 100100000}
  m_GameObject: {fileID: 1411073295737798}
  m_LocalRotation: {x: 0, y: 0, z: 0, w: 1}
  m_LocalPosition: {x: -2.012, y: 1.1527028, z: 0}
  m_LocalScale: {x: 1, y: 1, z: 1}
  m_Children:
  - {fileID: 4869029471309336}
  - {fileID: 224672774576359062}
  m_Father: {fileID: 0}
  m_RootOrder: 0
  m_LocalEulerAnglesHint: {x: 0, y: 0, z: 0}
--- !u!61 &61155018358705792
BoxCollider2D:
  m_ObjectHideFlags: 1
  m_PrefabParentObject: {fileID: 0}
  m_PrefabInternal: {fileID: 100100000}
  m_GameObject: {fileID: 1411073295737798}
  m_Enabled: 1
  m_Density: 1
  m_Material: {fileID: 0}
  m_IsTrigger: 1
  m_UsedByEffector: 0
  m_UsedByComposite: 0
  m_Offset: {x: 0, y: 0}
  m_SpriteTilingProperty:
    border: {x: 0, y: 0, z: 0, w: 0}
    pivot: {x: 0, y: 0}
    oldSize: {x: 0, y: 0}
    newSize: {x: 0, y: 0}
    adaptiveTilingThreshold: 0
    drawMode: 0
    adaptiveTiling: 0
  m_AutoTiling: 0
  serializedVersion: 2
  m_Size: {x: 1, y: 1}
  m_EdgeRadius: 0
--- !u!114 &114140494661659220
MonoBehaviour:
  m_ObjectHideFlags: 1
  m_PrefabParentObject: {fileID: 0}
  m_PrefabInternal: {fileID: 100100000}
  m_GameObject: {fileID: 1508029851312406}
  m_Enabled: 1
  m_EditorHideFlags: 0
  m_Script: {fileID: -765806418, guid: f70555f144d8491a825f0804e09c671c, type: 3}
  m_Name: 
  m_EditorClassIdentifier: 
  m_Material: {fileID: 0}
  m_Color: {r: 1, g: 1, b: 1, a: 1}
  m_RaycastTarget: 1
  m_OnCullStateChanged:
    m_PersistentCalls:
      m_Calls: []
    m_TypeName: UnityEngine.UI.MaskableGraphic+CullStateChangedEvent, UnityEngine.UI,
      Version=1.0.0.0, Culture=neutral, PublicKeyToken=null
  m_Sprite: {fileID: 21300000, guid: d5e2d7ebd5f39184eadcac4d17621f83, type: 3}
  m_Type: 0
  m_PreserveAspect: 0
  m_FillCenter: 1
  m_FillMethod: 4
  m_FillAmount: 1
  m_FillClockwise: 1
  m_FillOrigin: 0
--- !u!114 &114182392287178042
MonoBehaviour:
  m_ObjectHideFlags: 1
  m_PrefabParentObject: {fileID: 0}
  m_PrefabInternal: {fileID: 100100000}
  m_GameObject: {fileID: 1666772874857414}
  m_Enabled: 1
  m_EditorHideFlags: 0
  m_Script: {fileID: 11500000, guid: 88fb3ea51bb752b49abd5037a4f40f6a, type: 3}
  m_Name: 
  m_EditorClassIdentifier: 
  spriteRenderer: {fileID: 212507939488135284}
  list:
  - animationName: ATTACK
    animation:
      speedRatio: 1
      loop: 1
      frameToLoop: 0
      frameDatas:
      - sprite: {fileID: 21300000, guid: c3d00bcba18f84b6bac76aede201455f, type: 3}
        time: 0.08
        eventEnabled: 0
        eventName: 
      - sprite: {fileID: 21300002, guid: c3d00bcba18f84b6bac76aede201455f, type: 3}
        time: 0.08
        eventEnabled: 0
        eventName: 
      - sprite: {fileID: 21300004, guid: c3d00bcba18f84b6bac76aede201455f, type: 3}
        time: 0.08
        eventEnabled: 0
        eventName: 
      - sprite: {fileID: 21300006, guid: c3d00bcba18f84b6bac76aede201455f, type: 3}
        time: 0.08
        eventEnabled: 0
        eventName: 
      - sprite: {fileID: 21300008, guid: c3d00bcba18f84b6bac76aede201455f, type: 3}
        time: 0.08
        eventEnabled: 0
        eventName: 
      - sprite: {fileID: 21300010, guid: c3d00bcba18f84b6bac76aede201455f, type: 3}
        time: 0.08
        eventEnabled: 0
        eventName: 
      - sprite: {fileID: 21300012, guid: c3d00bcba18f84b6bac76aede201455f, type: 3}
        time: 0.08
        eventEnabled: 0
        eventName: 
      name: ATTACK
      selectedIndex: 6
      newFramesTime: 0.08
    file: {fileID: 11400000, guid: f13b1290f55ab47f1b7a2bd1cf7a8db8, type: 2}
  - animationName: DAMAGE
    animation:
      speedRatio: 1
      loop: 1
      frameToLoop: 0
      frameDatas:
      - sprite: {fileID: 21300000, guid: 63c247ee4be5944b0acab1a2dbdcbea1, type: 3}
        time: 0.08
        eventEnabled: 0
        eventName: 
      - sprite: {fileID: 21300002, guid: 63c247ee4be5944b0acab1a2dbdcbea1, type: 3}
        time: 0.08
        eventEnabled: 0
        eventName: 
      - sprite: {fileID: 21300004, guid: 63c247ee4be5944b0acab1a2dbdcbea1, type: 3}
        time: 0.08
        eventEnabled: 0
        eventName: 
      - sprite: {fileID: 21300006, guid: 63c247ee4be5944b0acab1a2dbdcbea1, type: 3}
        time: 0.08
        eventEnabled: 0
        eventName: 
      - sprite: {fileID: 21300008, guid: 63c247ee4be5944b0acab1a2dbdcbea1, type: 3}
        time: 0.08
        eventEnabled: 0
        eventName: 
      name: DAMAGE
      selectedIndex: 4
      newFramesTime: 0.08
    file: {fileID: 11400000, guid: f13b1290f55ab47f1b7a2bd1cf7a8db8, type: 2}
  - animationName: IDLE
    animation:
      speedRatio: 1
      loop: 1
      frameToLoop: 0
      frameDatas:
      - sprite: {fileID: 21300000, guid: 39f9ba7308b7d45b48f0e6815cae462c, type: 3}
        time: 0.08
        eventEnabled: 0
        eventName: 
      - sprite: {fileID: 21300002, guid: 39f9ba7308b7d45b48f0e6815cae462c, type: 3}
        time: 0.08
        eventEnabled: 0
        eventName: 
      - sprite: {fileID: 21300004, guid: 39f9ba7308b7d45b48f0e6815cae462c, type: 3}
        time: 0.08
        eventEnabled: 0
        eventName: 
      - sprite: {fileID: 21300006, guid: 39f9ba7308b7d45b48f0e6815cae462c, type: 3}
        time: 0.08
        eventEnabled: 0
        eventName: 
      - sprite: {fileID: 21300008, guid: 39f9ba7308b7d45b48f0e6815cae462c, type: 3}
        time: 0.08
        eventEnabled: 0
        eventName: 
      - sprite: {fileID: 21300010, guid: 39f9ba7308b7d45b48f0e6815cae462c, type: 3}
        time: 0.08
        eventEnabled: 0
        eventName: 
      - sprite: {fileID: 21300012, guid: 39f9ba7308b7d45b48f0e6815cae462c, type: 3}
        time: 0.08
        eventEnabled: 0
        eventName: 
      - sprite: {fileID: 21300014, guid: 39f9ba7308b7d45b48f0e6815cae462c, type: 3}
        time: 0.08
        eventEnabled: 0
        eventName: 
      - sprite: {fileID: 21300016, guid: 39f9ba7308b7d45b48f0e6815cae462c, type: 3}
        time: 0.08
        eventEnabled: 0
        eventName: 
      - sprite: {fileID: 21300018, guid: 39f9ba7308b7d45b48f0e6815cae462c, type: 3}
        time: 0.08
        eventEnabled: 0
        eventName: 
      - sprite: {fileID: 21300020, guid: 39f9ba7308b7d45b48f0e6815cae462c, type: 3}
        time: 0.08
        eventEnabled: 0
        eventName: 
      - sprite: {fileID: 21300022, guid: 39f9ba7308b7d45b48f0e6815cae462c, type: 3}
        time: 0.08
        eventEnabled: 0
        eventName: 
      - sprite: {fileID: 21300024, guid: 39f9ba7308b7d45b48f0e6815cae462c, type: 3}
        time: 0.08
        eventEnabled: 0
        eventName: 
      - sprite: {fileID: 21300026, guid: 39f9ba7308b7d45b48f0e6815cae462c, type: 3}
        time: 0.08
        eventEnabled: 0
        eventName: 
      - sprite: {fileID: 21300028, guid: 39f9ba7308b7d45b48f0e6815cae462c, type: 3}
        time: 0.08
        eventEnabled: 0
        eventName: 
      - sprite: {fileID: 21300030, guid: 39f9ba7308b7d45b48f0e6815cae462c, type: 3}
        time: 0.08
        eventEnabled: 0
        eventName: 
      name: IDLE
      selectedIndex: 15
      newFramesTime: 0.08
    file: {fileID: 11400000, guid: f13b1290f55ab47f1b7a2bd1cf7a8db8, type: 2}
  - animationName: IDLE_WEAK
    animation:
      speedRatio: 1
      loop: 1
      frameToLoop: 0
      frameDatas:
      - sprite: {fileID: 21300000, guid: c699e4ed95e7040bab693f479492cff4, type: 3}
        time: 0.08
        eventEnabled: 0
        eventName: 
      - sprite: {fileID: 21300002, guid: c699e4ed95e7040bab693f479492cff4, type: 3}
        time: 0.08
        eventEnabled: 0
        eventName: 
      - sprite: {fileID: 21300004, guid: c699e4ed95e7040bab693f479492cff4, type: 3}
        time: 0.08
        eventEnabled: 0
        eventName: 
      - sprite: {fileID: 21300006, guid: c699e4ed95e7040bab693f479492cff4, type: 3}
        time: 0.08
        eventEnabled: 0
        eventName: 
      - sprite: {fileID: 21300008, guid: c699e4ed95e7040bab693f479492cff4, type: 3}
        time: 0.08
        eventEnabled: 0
        eventName: 
      - sprite: {fileID: 21300010, guid: c699e4ed95e7040bab693f479492cff4, type: 3}
        time: 0.08
        eventEnabled: 0
        eventName: 
      - sprite: {fileID: 21300012, guid: c699e4ed95e7040bab693f479492cff4, type: 3}
        time: 0.08
        eventEnabled: 0
        eventName: 
      - sprite: {fileID: 21300014, guid: c699e4ed95e7040bab693f479492cff4, type: 3}
        time: 0.08
        eventEnabled: 0
        eventName: 
      - sprite: {fileID: 21300016, guid: c699e4ed95e7040bab693f479492cff4, type: 3}
        time: 0.08
        eventEnabled: 0
        eventName: 
      name: IDLE_WEAK
      selectedIndex: 8
      newFramesTime: 0.08
    file: {fileID: 11400000, guid: f13b1290f55ab47f1b7a2bd1cf7a8db8, type: 2}
  - animationName: WALK
    animation:
      speedRatio: 1
      loop: 1
      frameToLoop: 0
      frameDatas:
      - sprite: {fileID: 21300000, guid: 8c5dfc166cda740649726d60b57c6eb1, type: 3}
        time: 0.08
        eventEnabled: 0
        eventName: 
      - sprite: {fileID: 21300002, guid: 8c5dfc166cda740649726d60b57c6eb1, type: 3}
        time: 0.08
        eventEnabled: 0
        eventName: 
      - sprite: {fileID: 21300004, guid: 8c5dfc166cda740649726d60b57c6eb1, type: 3}
        time: 0.08
        eventEnabled: 0
        eventName: 
      - sprite: {fileID: 21300006, guid: 8c5dfc166cda740649726d60b57c6eb1, type: 3}
        time: 0.08
        eventEnabled: 0
        eventName: 
      - sprite: {fileID: 21300008, guid: 8c5dfc166cda740649726d60b57c6eb1, type: 3}
        time: 0.08
        eventEnabled: 0
        eventName: 
      - sprite: {fileID: 21300010, guid: 8c5dfc166cda740649726d60b57c6eb1, type: 3}
        time: 0.08
        eventEnabled: 0
        eventName: 
      - sprite: {fileID: 21300012, guid: 8c5dfc166cda740649726d60b57c6eb1, type: 3}
        time: 0.08
        eventEnabled: 0
        eventName: 
      - sprite: {fileID: 21300014, guid: 8c5dfc166cda740649726d60b57c6eb1, type: 3}
        time: 0.08
        eventEnabled: 0
        eventName: 
      name: WALK
      selectedIndex: 7
      newFramesTime: 0.08
    file: {fileID: 11400000, guid: f13b1290f55ab47f1b7a2bd1cf7a8db8, type: 2}
  - animationName: DEATH
    animation:
      speedRatio: 1
      loop: 0
      frameToLoop: 0
      frameDatas:
      - sprite: {fileID: 21300000, guid: b1bc96e95d34f4577bdf116a9ade533a, type: 3}
        time: 0.08
        eventEnabled: 0
        eventName: 
      - sprite: {fileID: 21300002, guid: b1bc96e95d34f4577bdf116a9ade533a, type: 3}
        time: 0.08
        eventEnabled: 0
        eventName: 
      - sprite: {fileID: 21300004, guid: b1bc96e95d34f4577bdf116a9ade533a, type: 3}
        time: 0.08
        eventEnabled: 0
        eventName: 
      - sprite: {fileID: 21300006, guid: b1bc96e95d34f4577bdf116a9ade533a, type: 3}
        time: 0.08
        eventEnabled: 0
        eventName: 
      - sprite: {fileID: 21300008, guid: b1bc96e95d34f4577bdf116a9ade533a, type: 3}
        time: 0.08
        eventEnabled: 0
        eventName: 
      - sprite: {fileID: 21300010, guid: b1bc96e95d34f4577bdf116a9ade533a, type: 3}
        time: 0.08
        eventEnabled: 0
        eventName: 
      - sprite: {fileID: 21300012, guid: b1bc96e95d34f4577bdf116a9ade533a, type: 3}
        time: 0.08
        eventEnabled: 0
        eventName: 
      - sprite: {fileID: 21300014, guid: b1bc96e95d34f4577bdf116a9ade533a, type: 3}
        time: 0.08
        eventEnabled: 0
        eventName: 
      - sprite: {fileID: 21300016, guid: b1bc96e95d34f4577bdf116a9ade533a, type: 3}
        time: 0.08
        eventEnabled: 0
        eventName: 
      name: DEATH
      selectedIndex: 8
      newFramesTime: 0.08
    file: {fileID: 11400000, guid: f13b1290f55ab47f1b7a2bd1cf7a8db8, type: 2}
  assets:
  - {fileID: 11400000, guid: f13b1290f55ab47f1b7a2bd1cf7a8db8, type: 2}
  mode: 0
  animIdx: -1
  speedRatio: 1
  minPlayFrom: 0
  maxPlayFrom: 0
  playFrom: 0
  autoStart: 0
--- !u!114 &114333203074292074
MonoBehaviour:
  m_ObjectHideFlags: 1
  m_PrefabParentObject: {fileID: 0}
  m_PrefabInternal: {fileID: 100100000}
  m_GameObject: {fileID: 1976140131380514}
  m_Enabled: 1
  m_EditorHideFlags: 0
  m_Script: {fileID: 1301386320, guid: f5f67c52d1564df4a8936ccd202a3bd8, type: 3}
  m_Name: 
  m_EditorClassIdentifier: 
  m_IgnoreReversedGraphics: 1
  m_BlockingObjects: 0
  m_BlockingMask:
    serializedVersion: 2
    m_Bits: 4294967295
--- !u!114 &114587529190972012
MonoBehaviour:
  m_ObjectHideFlags: 1
  m_PrefabParentObject: {fileID: 0}
  m_PrefabInternal: {fileID: 100100000}
  m_GameObject: {fileID: 1066027394871346}
  m_Enabled: 1
  m_EditorHideFlags: 0
  m_Script: {fileID: -765806418, guid: f70555f144d8491a825f0804e09c671c, type: 3}
  m_Name: 
  m_EditorClassIdentifier: 
  m_Material: {fileID: 0}
  m_Color: {r: 1, g: 1, b: 1, a: 1}
  m_RaycastTarget: 1
  m_OnCullStateChanged:
    m_PersistentCalls:
      m_Calls: []
    m_TypeName: UnityEngine.UI.MaskableGraphic+CullStateChangedEvent, UnityEngine.UI,
      Version=1.0.0.0, Culture=neutral, PublicKeyToken=null
  m_Sprite: {fileID: 21300002, guid: d5e2d7ebd5f39184eadcac4d17621f83, type: 3}
  m_Type: 0
  m_PreserveAspect: 0
  m_FillCenter: 1
  m_FillMethod: 4
  m_FillAmount: 1
  m_FillClockwise: 1
  m_FillOrigin: 0
--- !u!114 &114695707795076978
MonoBehaviour:
  m_ObjectHideFlags: 1
  m_PrefabParentObject: {fileID: 0}
  m_PrefabInternal: {fileID: 100100000}
  m_GameObject: {fileID: 1976140131380514}
  m_Enabled: 1
  m_EditorHideFlags: 0
  m_Script: {fileID: 1980459831, guid: f5f67c52d1564df4a8936ccd202a3bd8, type: 3}
  m_Name: 
  m_EditorClassIdentifier: 
  m_UiScaleMode: 1
  m_ReferencePixelsPerUnit: 32
  m_ScaleFactor: 1
  m_ReferenceResolution: {x: 800, y: 600}
  m_ScreenMatchMode: 0
  m_MatchWidthOrHeight: 0
  m_PhysicalUnit: 3
  m_FallbackScreenDPI: 96
  m_DefaultSpriteDPI: 96
  m_DynamicPixelsPerUnit: 1
--- !u!114 &114769008627783390
MonoBehaviour:
  m_ObjectHideFlags: 1
  m_PrefabParentObject: {fileID: 0}
  m_PrefabInternal: {fileID: 100100000}
  m_GameObject: {fileID: 1286736692211104}
  m_Enabled: 1
  m_EditorHideFlags: 0
  m_Script: {fileID: -2095666955, guid: f70555f144d8491a825f0804e09c671c, type: 3}
  m_Name: 
  m_EditorClassIdentifier: 
  m_Padding:
    m_Left: 0
    m_Right: 0
    m_Top: 0
    m_Bottom: 0
  m_ChildAlignment: 0
  m_StartCorner: 0
  m_StartAxis: 0
  m_CellSize: {x: 0.1875, y: 0.25}
  m_Spacing: {x: -0.03125, y: 0}
  m_Constraint: 0
  m_ConstraintCount: 2
--- !u!114 &114929907968850720
MonoBehaviour:
  m_ObjectHideFlags: 1
  m_PrefabParentObject: {fileID: 0}
  m_PrefabInternal: {fileID: 100100000}
  m_GameObject: {fileID: 1286736692211104}
  m_Enabled: 1
  m_EditorHideFlags: 0
  m_Script: {fileID: 11500000, guid: 0f19d678ed56b400a9e963603c8a8269, type: 3}
  m_Name: 
  m_EditorClassIdentifier: 
  capsLock: 1
  _intialText: 01
  _spriteFont: {fileID: 11400000, guid: 1a26c6e84a264174e9e28bf92805e5a8, type: 2}
--- !u!114 &114991742594154400
MonoBehaviour:
  m_ObjectHideFlags: 1
  m_PrefabParentObject: {fileID: 0}
  m_PrefabInternal: {fileID: 100100000}
  m_GameObject: {fileID: 1411073295737798}
  m_Enabled: 1
  m_EditorHideFlags: 0
  m_Script: {fileID: 11500000, guid: 876581968da3b47d0b29e6d52f5c0246, type: 3}
  m_Name: 
  m_EditorClassIdentifier: 
  m_spriteRenderer: {fileID: 212507939488135284}
  m_projectilePrefab: {fileID: 1005264469568984, guid: ff1a075898735cb49a84a29803021f6a,
    type: 2}
  m_projectileStartOffset: {x: -0.35, y: -0.25}
  m_hitPointsLabel: {fileID: 114929907968850720}
  m_damagedSound:
    value: 2
  m_destroyedSound:
    value: 3
  m_projectileSpawnFrame: 5
--- !u!212 &212507939488135284
SpriteRenderer:
  m_ObjectHideFlags: 1
  m_PrefabParentObject: {fileID: 0}
  m_PrefabInternal: {fileID: 100100000}
  m_GameObject: {fileID: 1666772874857414}
  m_Enabled: 1
  m_CastShadows: 0
  m_ReceiveShadows: 0
  m_MotionVectors: 1
  m_LightProbeUsage: 0
  m_ReflectionProbeUsage: 0
  m_Materials:
  - {fileID: 2100000, guid: 06f8f6ddb5763f94584d0fa9de03e433, type: 2}
  m_StaticBatchInfo:
    firstSubMesh: 0
    subMeshCount: 0
  m_StaticBatchRoot: {fileID: 0}
  m_ProbeAnchor: {fileID: 0}
  m_LightProbeVolumeOverride: {fileID: 0}
  m_ScaleInLightmap: 1
  m_PreserveUVs: 0
  m_IgnoreNormalsForChartDetection: 0
  m_ImportantGI: 0
  m_SelectedEditorRenderState: 0
  m_MinimumChartSize: 4
  m_AutoUVMaxDistance: 0.5
  m_AutoUVMaxAngle: 89
  m_LightmapParameters: {fileID: 0}
  m_SortingLayerID: 0
  m_SortingLayer: 0
  m_SortingOrder: 0
  m_Sprite: {fileID: 21300000, guid: 39f9ba7308b7d45b48f0e6815cae462c, type: 3}
  m_Color: {r: 1, g: 1, b: 1, a: 1}
  m_FlipX: 0
  m_FlipY: 0
  m_DrawMode: 0
  m_Size: {x: 1, y: 1}
  m_AdaptiveModeThreshold: 0.5
  m_SpriteTileMode: 0
  m_WasSpriteAssigned: 1
  m_MaskInteraction: 0
--- !u!222 &222728523769534786
CanvasRenderer:
  m_ObjectHideFlags: 1
  m_PrefabParentObject: {fileID: 0}
  m_PrefabInternal: {fileID: 100100000}
  m_GameObject: {fileID: 1508029851312406}
--- !u!222 &222971792850731862
CanvasRenderer:
  m_ObjectHideFlags: 1
  m_PrefabParentObject: {fileID: 0}
  m_PrefabInternal: {fileID: 100100000}
  m_GameObject: {fileID: 1066027394871346}
--- !u!223 &223733212475269056
Canvas:
  m_ObjectHideFlags: 1
  m_PrefabParentObject: {fileID: 0}
  m_PrefabInternal: {fileID: 100100000}
  m_GameObject: {fileID: 1976140131380514}
  m_Enabled: 1
  serializedVersion: 3
  m_RenderMode: 2
  m_Camera: {fileID: 0}
  m_PlaneDistance: 100
  m_PixelPerfect: 0
  m_ReceivesEvents: 1
  m_OverrideSorting: 0
  m_OverridePixelPerfect: 0
  m_SortingBucketNormalizedSize: 0
  m_AdditionalShaderChannelsFlag: -1
  m_SortingLayerID: 1346904321
  m_SortingOrder: 0
  m_TargetDisplay: 0
--- !u!224 &224367064351639468
RectTransform:
  m_ObjectHideFlags: 1
  m_PrefabParentObject: {fileID: 0}
  m_PrefabInternal: {fileID: 100100000}
  m_GameObject: {fileID: 1286736692211104}
  m_LocalRotation: {x: 0, y: 0, z: 0, w: 1}
  m_LocalPosition: {x: 0, y: 0, z: 0}
  m_LocalScale: {x: 1, y: 1, z: 1}
  m_Children:
  - {fileID: 224634058687030994}
  - {fileID: 224938211528902430}
  m_Father: {fileID: 224672774576359062}
  m_RootOrder: 0
  m_LocalEulerAnglesHint: {x: 0, y: 0, z: 0}
  m_AnchorMin: {x: 0, y: 0}
  m_AnchorMax: {x: 1, y: 1}
  m_AnchoredPosition: {x: 0.329, y: -0.37300003}
  m_SizeDelta: {x: -0.657, y: -0.745}
  m_Pivot: {x: 0.5, y: 0.5}
--- !u!224 &224634058687030994
RectTransform:
  m_ObjectHideFlags: 1
  m_PrefabParentObject: {fileID: 0}
  m_PrefabInternal: {fileID: 100100000}
  m_GameObject: {fileID: 1508029851312406}
  m_LocalRotation: {x: 0, y: 0, z: 0, w: 1}
  m_LocalPosition: {x: 0, y: 0, z: 0}
  m_LocalScale: {x: 1, y: 1, z: 1}
  m_Children: []
  m_Father: {fileID: 224367064351639468}
  m_RootOrder: 0
  m_LocalEulerAnglesHint: {x: 0, y: 0, z: 0}
  m_AnchorMin: {x: 0, y: 0}
  m_AnchorMax: {x: 0, y: 0}
  m_AnchoredPosition: {x: 0, y: 0}
  m_SizeDelta: {x: 0, y: 0}
  m_Pivot: {x: 0.5, y: 0.5}
--- !u!224 &224672774576359062
RectTransform:
  m_ObjectHideFlags: 1
  m_PrefabParentObject: {fileID: 0}
  m_PrefabInternal: {fileID: 100100000}
  m_GameObject: {fileID: 1976140131380514}
  m_LocalRotation: {x: -0, y: -0, z: -0, w: 1}
  m_LocalPosition: {x: 0, y: 0, z: 0}
  m_LocalScale: {x: 1, y: 1, z: 1}
  m_Children:
  - {fileID: 224367064351639468}
  m_Father: {fileID: 4910298878586482}
  m_RootOrder: 1
  m_LocalEulerAnglesHint: {x: 0, y: 0, z: 0}
  m_AnchorMin: {x: 0, y: 0}
  m_AnchorMax: {x: 0, y: 0}
  m_AnchoredPosition: {x: 0, y: 0}
  m_SizeDelta: {x: 1, y: 1}
  m_Pivot: {x: 0.5, y: 0.5}
--- !u!224 &224938211528902430
RectTransform:
  m_ObjectHideFlags: 1
  m_PrefabParentObject: {fileID: 0}
  m_PrefabInternal: {fileID: 100100000}
  m_GameObject: {fileID: 1066027394871346}
  m_LocalRotation: {x: 0, y: 0, z: 0, w: 1}
  m_LocalPosition: {x: 0, y: 0, z: 0}
  m_LocalScale: {x: 1, y: 1, z: 1}
  m_Children: []
  m_Father: {fileID: 224367064351639468}
  m_RootOrder: 1
  m_LocalEulerAnglesHint: {x: 0, y: 0, z: 0}
  m_AnchorMin: {x: 0, y: 0}
  m_AnchorMax: {x: 0, y: 0}
  m_AnchoredPosition: {x: 0, y: 0}
  m_SizeDelta: {x: 0, y: 0}
  m_Pivot: {x: 0.5, y: 0.5}
