%YAML 1.1
%TAG !u! tag:unity3d.com,2011:
--- !u!1001 &100100000
Prefab:
  m_ObjectHideFlags: 1
  serializedVersion: 2
  m_Modification:
    m_TransformParent: {fileID: 0}
    m_Modifications: []
    m_RemovedComponents: []
  m_ParentPrefab: {fileID: 0}
  m_RootGameObject: {fileID: 1125254553068536}
  m_IsPrefabParent: 1
--- !u!1 &1071105283829712
GameObject:
  m_ObjectHideFlags: 0
  m_PrefabParentObject: {fileID: 0}
  m_PrefabInternal: {fileID: 100100000}
  serializedVersion: 5
  m_Component:
  - component: {fileID: 4710333977171444}
  - component: {fileID: 212952884659369966}
  - component: {fileID: 114415403193614870}
  m_Layer: 9
  m_Name: Sprite
  m_TagString: Untagged
  m_Icon: {fileID: 0}
  m_NavMeshLayer: 0
  m_StaticEditorFlags: 0
  m_IsActive: 1
--- !u!1 &1125254553068536
GameObject:
  m_ObjectHideFlags: 0
  m_PrefabParentObject: {fileID: 0}
  m_PrefabInternal: {fileID: 100100000}
  serializedVersion: 5
  m_Component:
  - component: {fileID: 4170505735783460}
  - component: {fileID: 61511809329094980}
  - component: {fileID: 114963495919749224}
  m_Layer: 9
  m_Name: Fire Mage
  m_TagString: Hitable
  m_Icon: {fileID: 0}
  m_NavMeshLayer: 0
  m_StaticEditorFlags: 0
  m_IsActive: 1
--- !u!1 &1127880780633438
GameObject:
  m_ObjectHideFlags: 1
  m_PrefabParentObject: {fileID: 0}
  m_PrefabInternal: {fileID: 100100000}
  serializedVersion: 5
  m_Component:
  - component: {fileID: 224592886358305684}
  - component: {fileID: 222471424350576526}
  - component: {fileID: 114234400767647188}
  m_Layer: 0
  m_Name: child
  m_TagString: Untagged
  m_Icon: {fileID: 0}
  m_NavMeshLayer: 0
  m_StaticEditorFlags: 0
  m_IsActive: 1
--- !u!1 &1133834733252082
GameObject:
  m_ObjectHideFlags: 1
  m_PrefabParentObject: {fileID: 0}
  m_PrefabInternal: {fileID: 100100000}
  serializedVersion: 5
  m_Component:
  - component: {fileID: 224059007481087402}
  - component: {fileID: 114163832409361070}
  - component: {fileID: 114787909127407302}
  m_Layer: 9
  m_Name: HPLabel
  m_TagString: Untagged
  m_Icon: {fileID: 0}
  m_NavMeshLayer: 0
  m_StaticEditorFlags: 0
  m_IsActive: 1
--- !u!1 &1200565424197940
GameObject:
  m_ObjectHideFlags: 0
  m_PrefabParentObject: {fileID: 0}
  m_PrefabInternal: {fileID: 100100000}
  serializedVersion: 5
  m_Component:
  - component: {fileID: 224034016764607170}
  - component: {fileID: 223307597515124490}
  - component: {fileID: 114746658595232020}
  - component: {fileID: 114746576472514420}
  m_Layer: 9
  m_Name: Canvas
  m_TagString: Untagged
  m_Icon: {fileID: 0}
  m_NavMeshLayer: 0
  m_StaticEditorFlags: 0
  m_IsActive: 1
--- !u!1 &1358291987300430
GameObject:
  m_ObjectHideFlags: 1
  m_PrefabParentObject: {fileID: 0}
  m_PrefabInternal: {fileID: 100100000}
  serializedVersion: 5
  m_Component:
  - component: {fileID: 224141351508198616}
  - component: {fileID: 222037409385774368}
  - component: {fileID: 114356243639702190}
  m_Layer: 0
  m_Name: child
  m_TagString: Untagged
  m_Icon: {fileID: 0}
  m_NavMeshLayer: 0
  m_StaticEditorFlags: 0
  m_IsActive: 1
--- !u!4 &4170505735783460
Transform:
  m_ObjectHideFlags: 1
  m_PrefabParentObject: {fileID: 0}
  m_PrefabInternal: {fileID: 100100000}
  m_GameObject: {fileID: 1125254553068536}
  m_LocalRotation: {x: 0, y: 0, z: 0, w: 1}
  m_LocalPosition: {x: -0.99, y: 1.1527028, z: 0}
  m_LocalScale: {x: 1, y: 1, z: 1}
  m_Children:
  - {fileID: 4710333977171444}
  - {fileID: 224034016764607170}
  m_Father: {fileID: 0}
  m_RootOrder: 0
  m_LocalEulerAnglesHint: {x: 0, y: 0, z: 0}
--- !u!4 &4710333977171444
Transform:
  m_ObjectHideFlags: 1
  m_PrefabParentObject: {fileID: 0}
  m_PrefabInternal: {fileID: 100100000}
  m_GameObject: {fileID: 1071105283829712}
  m_LocalRotation: {x: 0, y: 0, z: 0, w: 1}
  m_LocalPosition: {x: 0, y: 0, z: 0}
  m_LocalScale: {x: 1, y: 1, z: 1}
  m_Children: []
  m_Father: {fileID: 4170505735783460}
  m_RootOrder: 0
  m_LocalEulerAnglesHint: {x: 0, y: 0, z: 0}
--- !u!61 &61511809329094980
BoxCollider2D:
  m_ObjectHideFlags: 1
  m_PrefabParentObject: {fileID: 0}
  m_PrefabInternal: {fileID: 100100000}
  m_GameObject: {fileID: 1125254553068536}
  m_Enabled: 1
  m_Density: 1
  m_Material: {fileID: 0}
  m_IsTrigger: 1
  m_UsedByEffector: 0
  m_UsedByComposite: 0
  m_Offset: {x: 0, y: 0}
  m_SpriteTilingProperty:
    border: {x: 0, y: 0, z: 0, w: 0}
    pivot: {x: 0, y: 0}
    oldSize: {x: 0, y: 0}
    newSize: {x: 0, y: 0}
    adaptiveTilingThreshold: 0
    drawMode: 0
    adaptiveTiling: 0
  m_AutoTiling: 0
  serializedVersion: 2
  m_Size: {x: 1, y: 1}
  m_EdgeRadius: 0
--- !u!114 &114163832409361070
MonoBehaviour:
  m_ObjectHideFlags: 1
  m_PrefabParentObject: {fileID: 0}
  m_PrefabInternal: {fileID: 100100000}
  m_GameObject: {fileID: 1133834733252082}
  m_Enabled: 1
  m_EditorHideFlags: 0
  m_Script: {fileID: -2095666955, guid: f70555f144d8491a825f0804e09c671c, type: 3}
  m_Name: 
  m_EditorClassIdentifier: 
  m_Padding:
    m_Left: 0
    m_Right: 0
    m_Top: 0
    m_Bottom: 0
  m_ChildAlignment: 0
  m_StartCorner: 0
  m_StartAxis: 0
  m_CellSize: {x: 0.1875, y: 0.25}
  m_Spacing: {x: -0.03125, y: 0}
  m_Constraint: 0
  m_ConstraintCount: 2
--- !u!114 &114234400767647188
MonoBehaviour:
  m_ObjectHideFlags: 1
  m_PrefabParentObject: {fileID: 0}
  m_PrefabInternal: {fileID: 100100000}
  m_GameObject: {fileID: 1127880780633438}
  m_Enabled: 1
  m_EditorHideFlags: 0
  m_Script: {fileID: -765806418, guid: f70555f144d8491a825f0804e09c671c, type: 3}
  m_Name: 
  m_EditorClassIdentifier: 
  m_Material: {fileID: 0}
  m_Color: {r: 1, g: 1, b: 1, a: 1}
  m_RaycastTarget: 1
  m_OnCullStateChanged:
    m_PersistentCalls:
      m_Calls: []
    m_TypeName: UnityEngine.UI.MaskableGraphic+CullStateChangedEvent, UnityEngine.UI,
      Version=1.0.0.0, Culture=neutral, PublicKeyToken=null
  m_Sprite: {fileID: 21300000, guid: d5e2d7ebd5f39184eadcac4d17621f83, type: 3}
  m_Type: 0
  m_PreserveAspect: 0
  m_FillCenter: 1
  m_FillMethod: 4
  m_FillAmount: 1
  m_FillClockwise: 1
  m_FillOrigin: 0
--- !u!114 &114356243639702190
MonoBehaviour:
  m_ObjectHideFlags: 1
  m_PrefabParentObject: {fileID: 0}
  m_PrefabInternal: {fileID: 100100000}
  m_GameObject: {fileID: 1358291987300430}
  m_Enabled: 1
  m_EditorHideFlags: 0
  m_Script: {fileID: -765806418, guid: f70555f144d8491a825f0804e09c671c, type: 3}
  m_Name: 
  m_EditorClassIdentifier: 
  m_Material: {fileID: 0}
  m_Color: {r: 1, g: 1, b: 1, a: 1}
  m_RaycastTarget: 1
  m_OnCullStateChanged:
    m_PersistentCalls:
      m_Calls: []
    m_TypeName: UnityEngine.UI.MaskableGraphic+CullStateChangedEvent, UnityEngine.UI,
      Version=1.0.0.0, Culture=neutral, PublicKeyToken=null
  m_Sprite: {fileID: 21300002, guid: d5e2d7ebd5f39184eadcac4d17621f83, type: 3}
  m_Type: 0
  m_PreserveAspect: 0
  m_FillCenter: 1
  m_FillMethod: 4
  m_FillAmount: 1
  m_FillClockwise: 1
  m_FillOrigin: 0
--- !u!114 &114415403193614870
MonoBehaviour:
  m_ObjectHideFlags: 1
  m_PrefabParentObject: {fileID: 0}
  m_PrefabInternal: {fileID: 100100000}
  m_GameObject: {fileID: 1071105283829712}
  m_Enabled: 1
  m_EditorHideFlags: 0
  m_Script: {fileID: 11500000, guid: 88fb3ea51bb752b49abd5037a4f40f6a, type: 3}
  m_Name: 
  m_EditorClassIdentifier: 
  spriteRenderer: {fileID: 212952884659369966}
  list:
  - animationName: ATTACK
    animation:
      speedRatio: 1
      loop: 1
      frameToLoop: 0
      frameDatas:
      - sprite: {fileID: 21300000, guid: eeb79010ac2a34728996b32a9f0f3f19, type: 3}
        time: 0.08
        eventEnabled: 0
        eventName: 
      - sprite: {fileID: 21300002, guid: eeb79010ac2a34728996b32a9f0f3f19, type: 3}
        time: 0.08
        eventEnabled: 0
        eventName: 
      - sprite: {fileID: 21300004, guid: eeb79010ac2a34728996b32a9f0f3f19, type: 3}
        time: 0.08
        eventEnabled: 0
        eventName: 
      - sprite: {fileID: 21300006, guid: eeb79010ac2a34728996b32a9f0f3f19, type: 3}
        time: 0.08
        eventEnabled: 0
        eventName: 
      - sprite: {fileID: 21300008, guid: eeb79010ac2a34728996b32a9f0f3f19, type: 3}
        time: 0.08
        eventEnabled: 0
        eventName: 
      - sprite: {fileID: 21300010, guid: eeb79010ac2a34728996b32a9f0f3f19, type: 3}
        time: 0.08
        eventEnabled: 0
        eventName: 
      - sprite: {fileID: 21300012, guid: eeb79010ac2a34728996b32a9f0f3f19, type: 3}
        time: 0.08
        eventEnabled: 0
        eventName: 
      name: ATTACK
      selectedIndex: 2
      newFramesTime: 0.08
    file: {fileID: 11400000, guid: f3014cec1808a433f8f6678598788bea, type: 2}
  - animationName: DAMAGE
    animation:
      speedRatio: 1
      loop: 1
      frameToLoop: 0
      frameDatas:
      - sprite: {fileID: 21300000, guid: df6744a1accb9490e8c9004e0fb31e08, type: 3}
        time: 0.08
        eventEnabled: 0
        eventName: 
      - sprite: {fileID: 21300002, guid: df6744a1accb9490e8c9004e0fb31e08, type: 3}
        time: 0.08
        eventEnabled: 0
        eventName: 
      - sprite: {fileID: 21300004, guid: df6744a1accb9490e8c9004e0fb31e08, type: 3}
        time: 0.08
        eventEnabled: 0
        eventName: 
      - sprite: {fileID: 21300006, guid: df6744a1accb9490e8c9004e0fb31e08, type: 3}
        time: 0.08
        eventEnabled: 0
        eventName: 
      - sprite: {fileID: 21300008, guid: df6744a1accb9490e8c9004e0fb31e08, type: 3}
        time: 0.08
        eventEnabled: 0
        eventName: 
      name: DAMAGE
      selectedIndex: 4
      newFramesTime: 0.08
    file: {fileID: 11400000, guid: f3014cec1808a433f8f6678598788bea, type: 2}
  - animationName: IDLE
    animation:
      speedRatio: 1
      loop: 1
      frameToLoop: 0
      frameDatas:
      - sprite: {fileID: 21300000, guid: 79d5fa3b5aaa2451a8a88335e9cc4efc, type: 3}
        time: 0.08
        eventEnabled: 0
        eventName: 
      - sprite: {fileID: 21300002, guid: 79d5fa3b5aaa2451a8a88335e9cc4efc, type: 3}
        time: 0.08
        eventEnabled: 0
        eventName: 
      - sprite: {fileID: 21300004, guid: 79d5fa3b5aaa2451a8a88335e9cc4efc, type: 3}
        time: 0.08
        eventEnabled: 0
        eventName: 
      - sprite: {fileID: 21300006, guid: 79d5fa3b5aaa2451a8a88335e9cc4efc, type: 3}
        time: 0.08
        eventEnabled: 0
        eventName: 
      - sprite: {fileID: 21300008, guid: 79d5fa3b5aaa2451a8a88335e9cc4efc, type: 3}
        time: 0.08
        eventEnabled: 0
        eventName: 
      - sprite: {fileID: 21300010, guid: 79d5fa3b5aaa2451a8a88335e9cc4efc, type: 3}
        time: 0.08
        eventEnabled: 0
        eventName: 
      - sprite: {fileID: 21300012, guid: 79d5fa3b5aaa2451a8a88335e9cc4efc, type: 3}
        time: 0.08
        eventEnabled: 0
        eventName: 
      - sprite: {fileID: 21300014, guid: 79d5fa3b5aaa2451a8a88335e9cc4efc, type: 3}
        time: 0.08
        eventEnabled: 0
        eventName: 
      name: IDLE
      selectedIndex: 7
      newFramesTime: 0.08
    file: {fileID: 11400000, guid: f3014cec1808a433f8f6678598788bea, type: 2}
  - animationName: IDLE_WEAK
    animation:
      speedRatio: 1
      loop: 1
      frameToLoop: 0
      frameDatas:
      - sprite: {fileID: 21300000, guid: da623cb8b4b4748e88d21b1a847a2e9b, type: 3}
        time: 0.08
        eventEnabled: 0
        eventName: 
      - sprite: {fileID: 21300002, guid: da623cb8b4b4748e88d21b1a847a2e9b, type: 3}
        time: 0.08
        eventEnabled: 0
        eventName: 
      - sprite: {fileID: 21300004, guid: da623cb8b4b4748e88d21b1a847a2e9b, type: 3}
        time: 0.08
        eventEnabled: 0
        eventName: 
      - sprite: {fileID: 21300006, guid: da623cb8b4b4748e88d21b1a847a2e9b, type: 3}
        time: 0.08
        eventEnabled: 0
        eventName: 
      - sprite: {fileID: 21300008, guid: da623cb8b4b4748e88d21b1a847a2e9b, type: 3}
        time: 0.08
        eventEnabled: 0
        eventName: 
      - sprite: {fileID: 21300010, guid: da623cb8b4b4748e88d21b1a847a2e9b, type: 3}
        time: 0.08
        eventEnabled: 0
        eventName: 
      - sprite: {fileID: 21300012, guid: da623cb8b4b4748e88d21b1a847a2e9b, type: 3}
        time: 0.08
        eventEnabled: 0
        eventName: 
      - sprite: {fileID: 21300014, guid: da623cb8b4b4748e88d21b1a847a2e9b, type: 3}
        time: 0.08
        eventEnabled: 0
        eventName: 
      - sprite: {fileID: 21300016, guid: da623cb8b4b4748e88d21b1a847a2e9b, type: 3}
        time: 0.08
        eventEnabled: 0
        eventName: 
      name: IDLE_WEAK
      selectedIndex: 8
      newFramesTime: 0.08
    file: {fileID: 11400000, guid: f3014cec1808a433f8f6678598788bea, type: 2}
  - animationName: WALK
    animation:
      speedRatio: 1
      loop: 1
      frameToLoop: 0
      frameDatas:
      - sprite: {fileID: 21300000, guid: 7d306c5d2e86f4faf827de05982c3e7f, type: 3}
        time: 0.08
        eventEnabled: 0
        eventName: 
      - sprite: {fileID: 21300002, guid: 7d306c5d2e86f4faf827de05982c3e7f, type: 3}
        time: 0.08
        eventEnabled: 0
        eventName: 
      - sprite: {fileID: 21300004, guid: 7d306c5d2e86f4faf827de05982c3e7f, type: 3}
        time: 0.08
        eventEnabled: 0
        eventName: 
      - sprite: {fileID: 21300006, guid: 7d306c5d2e86f4faf827de05982c3e7f, type: 3}
        time: 0.08
        eventEnabled: 0
        eventName: 
      - sprite: {fileID: 21300008, guid: 7d306c5d2e86f4faf827de05982c3e7f, type: 3}
        time: 0.08
        eventEnabled: 0
        eventName: 
      - sprite: {fileID: 21300010, guid: 7d306c5d2e86f4faf827de05982c3e7f, type: 3}
        time: 0.08
        eventEnabled: 0
        eventName: 
      - sprite: {fileID: 21300012, guid: 7d306c5d2e86f4faf827de05982c3e7f, type: 3}
        time: 0.08
        eventEnabled: 0
        eventName: 
      - sprite: {fileID: 21300014, guid: 7d306c5d2e86f4faf827de05982c3e7f, type: 3}
        time: 0.08
        eventEnabled: 0
        eventName: 
      name: WALK
      selectedIndex: 7
      newFramesTime: 0.08
    file: {fileID: 11400000, guid: f3014cec1808a433f8f6678598788bea, type: 2}
  - animationName: DEATH
    animation:
      speedRatio: 1
      loop: 0
      frameToLoop: 0
      frameDatas:
      - sprite: {fileID: 21300000, guid: b1bc96e95d34f4577bdf116a9ade533a, type: 3}
        time: 0.08
        eventEnabled: 0
        eventName: 
      - sprite: {fileID: 21300002, guid: b1bc96e95d34f4577bdf116a9ade533a, type: 3}
        time: 0.08
        eventEnabled: 0
        eventName: 
      - sprite: {fileID: 21300004, guid: b1bc96e95d34f4577bdf116a9ade533a, type: 3}
        time: 0.08
        eventEnabled: 0
        eventName: 
      - sprite: {fileID: 21300006, guid: b1bc96e95d34f4577bdf116a9ade533a, type: 3}
        time: 0.08
        eventEnabled: 0
        eventName: 
      - sprite: {fileID: 21300008, guid: b1bc96e95d34f4577bdf116a9ade533a, type: 3}
        time: 0.08
        eventEnabled: 0
        eventName: 
      - sprite: {fileID: 21300010, guid: b1bc96e95d34f4577bdf116a9ade533a, type: 3}
        time: 0.08
        eventEnabled: 0
        eventName: 
      - sprite: {fileID: 21300012, guid: b1bc96e95d34f4577bdf116a9ade533a, type: 3}
        time: 0.08
        eventEnabled: 0
        eventName: 
      - sprite: {fileID: 21300014, guid: b1bc96e95d34f4577bdf116a9ade533a, type: 3}
        time: 0.08
        eventEnabled: 0
        eventName: 
      - sprite: {fileID: 21300016, guid: b1bc96e95d34f4577bdf116a9ade533a, type: 3}
        time: 0.08
        eventEnabled: 0
        eventName: 
      name: DEATH
      selectedIndex: 8
      newFramesTime: 0.08
    file: {fileID: 11400000, guid: f3014cec1808a433f8f6678598788bea, type: 2}
  assets:
  - {fileID: 11400000, guid: f3014cec1808a433f8f6678598788bea, type: 2}
  mode: 0
  animIdx: -1
  speedRatio: 1
  minPlayFrom: 0
  maxPlayFrom: 0
  playFrom: 0
  autoStart: 0
--- !u!114 &114746576472514420
MonoBehaviour:
  m_ObjectHideFlags: 1
  m_PrefabParentObject: {fileID: 0}
  m_PrefabInternal: {fileID: 100100000}
  m_GameObject: {fileID: 1200565424197940}
  m_Enabled: 1
  m_EditorHideFlags: 0
  m_Script: {fileID: 1301386320, guid: f5f67c52d1564df4a8936ccd202a3bd8, type: 3}
  m_Name: 
  m_EditorClassIdentifier: 
  m_IgnoreReversedGraphics: 1
  m_BlockingObjects: 0
  m_BlockingMask:
    serializedVersion: 2
    m_Bits: 4294967295
--- !u!114 &114746658595232020
MonoBehaviour:
  m_ObjectHideFlags: 1
  m_PrefabParentObject: {fileID: 0}
  m_PrefabInternal: {fileID: 100100000}
  m_GameObject: {fileID: 1200565424197940}
  m_Enabled: 1
  m_EditorHideFlags: 0
  m_Script: {fileID: 1980459831, guid: f5f67c52d1564df4a8936ccd202a3bd8, type: 3}
  m_Name: 
  m_EditorClassIdentifier: 
  m_UiScaleMode: 1
  m_ReferencePixelsPerUnit: 32
  m_ScaleFactor: 1
  m_ReferenceResolution: {x: 800, y: 600}
  m_ScreenMatchMode: 0
  m_MatchWidthOrHeight: 0
  m_PhysicalUnit: 3
  m_FallbackScreenDPI: 96
  m_DefaultSpriteDPI: 96
  m_DynamicPixelsPerUnit: 1
--- !u!114 &114787909127407302
MonoBehaviour:
  m_ObjectHideFlags: 1
  m_PrefabParentObject: {fileID: 0}
  m_PrefabInternal: {fileID: 100100000}
  m_GameObject: {fileID: 1133834733252082}
  m_Enabled: 1
  m_EditorHideFlags: 0
  m_Script: {fileID: 11500000, guid: 0f19d678ed56b400a9e963603c8a8269, type: 3}
  m_Name: 
  m_EditorClassIdentifier: 
  capsLock: 1
  _intialText: 01
  _spriteFont: {fileID: 11400000, guid: 1a26c6e84a264174e9e28bf92805e5a8, type: 2}
--- !u!114 &114963495919749224
MonoBehaviour:
  m_ObjectHideFlags: 1
  m_PrefabParentObject: {fileID: 0}
  m_PrefabInternal: {fileID: 100100000}
  m_GameObject: {fileID: 1125254553068536}
  m_Enabled: 1
  m_EditorHideFlags: 0
  m_Script: {fileID: 11500000, guid: 876581968da3b47d0b29e6d52f5c0246, type: 3}
  m_Name: 
  m_EditorClassIdentifier: 
  m_spriteRenderer: {fileID: 212952884659369966}
  m_projectilePrefab: {fileID: 1005264469568984, guid: ff1a075898735cb49a84a29803021f6a,
    type: 2}
  m_projectileStartOffset: {x: -0.35, y: -0.25}
  m_hitPointsLabel: {fileID: 114787909127407302}
  m_damagedSound:
    value: 2
  m_destroyedSound:
    value: 3
  m_projectileSpawnFrame: 5
--- !u!212 &212952884659369966
SpriteRenderer:
  m_ObjectHideFlags: 1
  m_PrefabParentObject: {fileID: 0}
  m_PrefabInternal: {fileID: 100100000}
  m_GameObject: {fileID: 1071105283829712}
  m_Enabled: 1
  m_CastShadows: 0
  m_ReceiveShadows: 0
  m_MotionVectors: 1
  m_LightProbeUsage: 0
  m_ReflectionProbeUsage: 0
  m_Materials:
  - {fileID: 2100000, guid: 06f8f6ddb5763f94584d0fa9de03e433, type: 2}
  m_StaticBatchInfo:
    firstSubMesh: 0
    subMeshCount: 0
  m_StaticBatchRoot: {fileID: 0}
  m_ProbeAnchor: {fileID: 0}
  m_LightProbeVolumeOverride: {fileID: 0}
  m_ScaleInLightmap: 1
  m_PreserveUVs: 0
  m_IgnoreNormalsForChartDetection: 0
  m_ImportantGI: 0
  m_SelectedEditorRenderState: 0
  m_MinimumChartSize: 4
  m_AutoUVMaxDistance: 0.5
  m_AutoUVMaxAngle: 89
  m_LightmapParameters: {fileID: 0}
  m_SortingLayerID: 0
  m_SortingLayer: 0
  m_SortingOrder: 0
  m_Sprite: {fileID: 21300000, guid: 79d5fa3b5aaa2451a8a88335e9cc4efc, type: 3}
  m_Color: {r: 1, g: 1, b: 1, a: 1}
  m_FlipX: 0
  m_FlipY: 0
  m_DrawMode: 0
  m_Size: {x: 1, y: 1}
  m_AdaptiveModeThreshold: 0.5
  m_SpriteTileMode: 0
  m_WasSpriteAssigned: 1
  m_MaskInteraction: 0
--- !u!222 &222037409385774368
CanvasRenderer:
  m_ObjectHideFlags: 1
  m_PrefabParentObject: {fileID: 0}
  m_PrefabInternal: {fileID: 100100000}
  m_GameObject: {fileID: 1358291987300430}
--- !u!222 &222471424350576526
CanvasRenderer:
  m_ObjectHideFlags: 1
  m_PrefabParentObject: {fileID: 0}
  m_PrefabInternal: {fileID: 100100000}
  m_GameObject: {fileID: 1127880780633438}
--- !u!223 &223307597515124490
Canvas:
  m_ObjectHideFlags: 1
  m_PrefabParentObject: {fileID: 0}
  m_PrefabInternal: {fileID: 100100000}
  m_GameObject: {fileID: 1200565424197940}
  m_Enabled: 1
  serializedVersion: 3
  m_RenderMode: 2
  m_Camera: {fileID: 0}
  m_PlaneDistance: 100
  m_PixelPerfect: 0
  m_ReceivesEvents: 1
  m_OverrideSorting: 0
  m_OverridePixelPerfect: 0
  m_SortingBucketNormalizedSize: 0
  m_AdditionalShaderChannelsFlag: -1
  m_SortingLayerID: 1346904321
  m_SortingOrder: 0
  m_TargetDisplay: 0
--- !u!224 &224034016764607170
RectTransform:
  m_ObjectHideFlags: 1
  m_PrefabParentObject: {fileID: 0}
  m_PrefabInternal: {fileID: 100100000}
  m_GameObject: {fileID: 1200565424197940}
  m_LocalRotation: {x: -0, y: -0, z: -0, w: 1}
  m_LocalPosition: {x: 0, y: 0, z: 0}
  m_LocalScale: {x: 1, y: 1, z: 1}
  m_Children:
  - {fileID: 224059007481087402}
  m_Father: {fileID: 4170505735783460}
  m_RootOrder: 1
  m_LocalEulerAnglesHint: {x: 0, y: 0, z: 0}
  m_AnchorMin: {x: 0, y: 0}
  m_AnchorMax: {x: 0, y: 0}
  m_AnchoredPosition: {x: 0, y: 0}
  m_SizeDelta: {x: 1, y: 1}
  m_Pivot: {x: 0.5, y: 0.5}
--- !u!224 &224059007481087402
RectTransform:
  m_ObjectHideFlags: 1
  m_PrefabParentObject: {fileID: 0}
  m_PrefabInternal: {fileID: 100100000}
  m_GameObject: {fileID: 1133834733252082}
  m_LocalRotation: {x: 0, y: 0, z: 0, w: 1}
  m_LocalPosition: {x: 0, y: 0, z: 0}
  m_LocalScale: {x: 1, y: 1, z: 1}
  m_Children:
  - {fileID: 224592886358305684}
  - {fileID: 224141351508198616}
  m_Father: {fileID: 224034016764607170}
  m_RootOrder: 0
  m_LocalEulerAnglesHint: {x: 0, y: 0, z: 0}
  m_AnchorMin: {x: 0, y: 0}
  m_AnchorMax: {x: 1, y: 1}
  m_AnchoredPosition: {x: 0.329, y: -0.37300003}
  m_SizeDelta: {x: -0.657, y: -0.745}
  m_Pivot: {x: 0.5, y: 0.5}
--- !u!224 &224141351508198616
RectTransform:
  m_ObjectHideFlags: 1
  m_PrefabParentObject: {fileID: 0}
  m_PrefabInternal: {fileID: 100100000}
  m_GameObject: {fileID: 1358291987300430}
  m_LocalRotation: {x: 0, y: 0, z: 0, w: 1}
  m_LocalPosition: {x: 0, y: 0, z: 0}
  m_LocalScale: {x: 1, y: 1, z: 1}
  m_Children: []
  m_Father: {fileID: 224059007481087402}
  m_RootOrder: 1
  m_LocalEulerAnglesHint: {x: 0, y: 0, z: 0}
  m_AnchorMin: {x: 0, y: 0}
  m_AnchorMax: {x: 0, y: 0}
  m_AnchoredPosition: {x: 0, y: 0}
  m_SizeDelta: {x: 0, y: 0}
  m_Pivot: {x: 0.5, y: 0.5}
--- !u!224 &224592886358305684
RectTransform:
  m_ObjectHideFlags: 1
  m_PrefabParentObject: {fileID: 0}
  m_PrefabInternal: {fileID: 100100000}
  m_GameObject: {fileID: 1127880780633438}
  m_LocalRotation: {x: 0, y: 0, z: 0, w: 1}
  m_LocalPosition: {x: 0, y: 0, z: 0}
  m_LocalScale: {x: 1, y: 1, z: 1}
  m_Children: []
  m_Father: {fileID: 224059007481087402}
  m_RootOrder: 0
  m_LocalEulerAnglesHint: {x: 0, y: 0, z: 0}
  m_AnchorMin: {x: 0, y: 0}
  m_AnchorMax: {x: 0, y: 0}
  m_AnchoredPosition: {x: 0, y: 0}
  m_SizeDelta: {x: 0, y: 0}
  m_Pivot: {x: 0.5, y: 0.5}
