%YAML 1.1
%TAG !u! tag:unity3d.com,2011:
--- !u!1001 &100100000
Prefab:
  m_ObjectHideFlags: 1
  serializedVersion: 2
  m_Modification:
    m_TransformParent: {fileID: 0}
    m_Modifications: []
    m_RemovedComponents: []
  m_ParentPrefab: {fileID: 0}
  m_RootGameObject: {fileID: 1710758677020206}
  m_IsPrefabParent: 1
--- !u!1 &1710758677020206
GameObject:
  m_ObjectHideFlags: 0
  m_PrefabParentObject: {fileID: 0}
  m_PrefabInternal: {fileID: 100100000}
  serializedVersion: 5
  m_Component:
  - component: {fileID: 4854888189114160}
  - component: {fileID: 212871552673282146}
  - component: {fileID: 114561999405715832}
  - component: {fileID: 114492847052203698}
  m_Layer: 0
  m_Name: Meteor
  m_TagString: Untagged
  m_Icon: {fileID: 0}
  m_NavMeshLayer: 0
  m_StaticEditorFlags: 0
  m_IsActive: 1
--- !u!4 &4854888189114160
Transform:
  m_ObjectHideFlags: 1
  m_PrefabParentObject: {fileID: 0}
  m_PrefabInternal: {fileID: 100100000}
  m_GameObject: {fileID: 1710758677020206}
  m_LocalRotation: {x: 0, y: 0, z: 0, w: 1}
  m_LocalPosition: {x: -1.38, y: 0, z: 0}
  m_LocalScale: {x: 1, y: 1, z: 1}
  m_Children: []
  m_Father: {fileID: 0}
  m_RootOrder: 0
  m_LocalEulerAnglesHint: {x: 0, y: 0, z: 0}
--- !u!114 &114492847052203698
MonoBehaviour:
  m_ObjectHideFlags: 1
  m_PrefabParentObject: {fileID: 0}
  m_PrefabInternal: {fileID: 100100000}
  m_GameObject: {fileID: 1710758677020206}
  m_Enabled: 1
  m_EditorHideFlags: 0
  m_Script: {fileID: 11500000, guid: 8706d0f7be629ae47bcdf753eca40c54, type: 3}
  m_Name: 
  m_EditorClassIdentifier: 
  m_animator: {fileID: 114561999405715832}
  m_renderer: {fileID: 212871552673282146}
--- !u!114 &114561999405715832
MonoBehaviour:
  m_ObjectHideFlags: 1
  m_PrefabParentObject: {fileID: 0}
  m_PrefabInternal: {fileID: 100100000}
  m_GameObject: {fileID: 1710758677020206}
  m_Enabled: 1
  m_EditorHideFlags: 0
  m_Script: {fileID: 11500000, guid: 88fb3ea51bb752b49abd5037a4f40f6a, type: 3}
  m_Name: 
  m_EditorClassIdentifier: 
  spriteRenderer: {fileID: 212871552673282146}
  list:
  - animationName: EXECUTE
    animation:
      speedRatio: 1
      loop: 0
      frameToLoop: 0
      frameDatas:
      - sprite: {fileID: 21300000, guid: e0cd0737410a14f02b056715013502df, type: 3}
        time: 0.08
        eventEnabled: 0
        eventName: 
      - sprite: {fileID: 21300002, guid: e0cd0737410a14f02b056715013502df, type: 3}
        time: 0.08
        eventEnabled: 0
        eventName: 
      - sprite: {fileID: 21300004, guid: e0cd0737410a14f02b056715013502df, type: 3}
        time: 0.08
        eventEnabled: 0
        eventName: 
      - sprite: {fileID: 21300006, guid: e0cd0737410a14f02b056715013502df, type: 3}
        time: 0.08
        eventEnabled: 0
        eventName: 
      - sprite: {fileID: 21300008, guid: e0cd0737410a14f02b056715013502df, type: 3}
        time: 0.08
        eventEnabled: 0
        eventName: 
      - sprite: {fileID: 21300012, guid: e0cd0737410a14f02b056715013502df, type: 3}
        time: 0.08
        eventEnabled: 0
        eventName: 
      - sprite: {fileID: 21300010, guid: e0cd0737410a14f02b056715013502df, type: 3}
        time: 0.08
        eventEnabled: 0
        eventName: 
      - sprite: {fileID: 21300014, guid: e0cd0737410a14f02b056715013502df, type: 3}
        time: 0.08
        eventEnabled: 0
        eventName: 
      name: EXECUTE
      selectedIndex: 1
      newFramesTime: 0.08
    file: {fileID: 11400000, guid: 3c6f49f3755ed41638797ab104946671, type: 2}
  assets:
  - {fileID: 11400000, guid: 3c6f49f3755ed41638797ab104946671, type: 2}
  mode: 0
  animIdx: -1
  speedRatio: 1
  minPlayFrom: 0
  maxPlayFrom: 0
  playFrom: 0
  autoStart: 0
--- !u!212 &212871552673282146
SpriteRenderer:
  m_ObjectHideFlags: 1
  m_PrefabParentObject: {fileID: 0}
  m_PrefabInternal: {fileID: 100100000}
  m_GameObject: {fileID: 1710758677020206}
  m_Enabled: 1
  m_CastShadows: 0
  m_ReceiveShadows: 0
  m_MotionVectors: 1
  m_LightProbeUsage: 1
  m_ReflectionProbeUsage: 1
  m_Materials:
  - {fileID: 2100000, guid: 06f8f6ddb5763f94584d0fa9de03e433, type: 2}
  m_StaticBatchInfo:
    firstSubMesh: 0
    subMeshCount: 0
  m_StaticBatchRoot: {fileID: 0}
  m_ProbeAnchor: {fileID: 0}
  m_LightProbeVolumeOverride: {fileID: 0}
  m_ScaleInLightmap: 1
  m_PreserveUVs: 0
  m_IgnoreNormalsForChartDetection: 0
  m_ImportantGI: 0
  m_SelectedEditorRenderState: 0
  m_MinimumChartSize: 4
  m_AutoUVMaxDistance: 0.5
  m_AutoUVMaxAngle: 89
  m_LightmapParameters: {fileID: 0}
  m_SortingLayerID: -226076363
  m_SortingLayer: 3
  m_SortingOrder: 1
  m_Sprite: {fileID: 21300000, guid: e0cd0737410a14f02b056715013502df, type: 3}
  m_Color: {r: 1, g: 1, b: 1, a: 1}
  m_FlipX: 0
  m_FlipY: 0
  m_DrawMode: 0
  m_Size: {x: 1, y: 1}
  m_AdaptiveModeThreshold: 0.5
  m_SpriteTileMode: 0
